% Papers

@article{walker2016spin,
  title={Spin-exchange-pumped NMR gyros},
  author={Walker, Thad G and Larsen, Michael S},
  journal={Advances in atomic, molecular, and optical physics},
  volume={65},
  pages={373--401},
  year={2016},
  publisher={Elsevier}
}

% Books